@book{LiWenwei,
  author    = {Li Wen-Wei},
  title     = {{AlJabr-1}},
  publisher = {Github},
  year      = {2024},
  edition   = {2nd},
  url   = {https://github.com/wenweili/AlJabr-1},
}

@article{circuitikz,
  author    = {Massimo A. Redaelli and Stefan Lindner and Stefan Erhardt and Romano Giannetti},
  title     = {{Circuitikz}},
  journal   = {LaTeX},
  year      = {2024},
  url       = {https://github.com/circuitikz/circuitikz},
}

@misc{tikzcd,
  author       = {Thomas Wasserman},
  title        = {{tikzcd: Commutative diagrams with TikZ}},
  year         = {2024},
  url          = {https://ctan.math.washington.edu/tex-archive/graphics/pgf/contrib/tikz-cd/tikz-cd-doc.pdf},
}

@inproceedings{turing1936computable,
  author    = {Alan M. Turing},
  title     = {On Computable Numbers, with an Application to the Entscheidungsproblem},
  booktitle = {Proceedings of the London Mathematical Society},
  volume    = {s2-42},
  number    = {1},
  pages     = {230--265},
  year      = {1936},
  doi       = {10.1112/plms/s2-42.1.230},
  note      = {A landmark paper in computer science.}
}