@book{LiWenwei,
  author    = {Li Wen-Wei},
  title     = {{AlJabr-1}},
  publisher = {Github},
  year      = {2024},
  edition   = {2nd},
  address   = {https://github.com/wenweili/AlJabr-1},
  url       = {https://latex-project.org/},
}

@article{circuitikz,
  author    = {Massimo A. Redaelli and Stefan Lindner and Stefan Erhardt and Romano Giannetti},
  title     = {{Circuitikz}},
  journal   = {LaTeX},
  year      = {2024},
  doi       = {},
}

@misc{knuthwebsite,
  author       = {Donald E. Knuth},
  title        = {Knuth: Computers and Typesetting},
  howpublished = {\url{http://www-cs-faculty.stanford.edu/~knuth/}},
  note         = {Accessed: 2025-01-01}
}

@inproceedings{turing1936computable,
  author    = {Alan M. Turing},
  title     = {On Computable Numbers, with an Application to the Entscheidungsproblem},
  booktitle = {Proceedings of the London Mathematical Society},
  volume    = {s2-42},
  number    = {1},
  pages     = {230--265},
  year      = {1936},
  doi       = {10.1112/plms/s2-42.1.230},
  note      = {A landmark paper in computer science.}
}