@book{bourdieu1990logic,
  author    = {Pierre Bourdieu},
  title     = {The Logic of Practice},
  year      = {1990},
  publisher = {Stanford University Press},
  address   = {Stanford, CA},
  translator = {Richard Nice},
  isbn      = {978-0-8047-1871-4}
}