@book{knuth1986,
  author    = {Donald E. Knuth},
  title     = {The Art of Computer Programming, Volume 1: Fundamental Algorithms},
  publisher = {Addison-Wesley},
  year      = {1986},
  edition   = {2nd},
  address   = {Reading, MA}
}

@article{lamport1986,
  author  = {Leslie Lamport},
  title   = {Document Preparation System},
  journal = {ACM Computing Surveys},
  year    = {1986},
  volume  = {18},
  number  = {1},
  pages   = {77--81},
  doi     = {10.1145/518.520}
}

@inproceedings{miller1991,
  author    = {John Miller and Jane Doe},
  title     = {Proceedings of the 12th International Conference on Computer Science},
  booktitle = {ICCS 1991},
  year      = {1991},
  pages     = {123--128},
  publisher = {Springer},
  address   = {Berlin}
}

@misc{einstein1905,
  author       = {Albert Einstein},
  title        = {On the Electrodynamics of Moving Bodies},
  year         = {1905},
  howpublished = {Annalen der Physik, 17:891â€“921},
  note         = {Special Relativity Paper},
}