@book{,
  author    = {Leslie Lamport},
  title     = {{LaTeX: A Document Preparation System}},
  publisher = {Addison-Wesley},
  year      = {1994},
  edition   = {2nd},
  address   = {Boston, MA},
  isbn      = {978-0201529838},
  url       = {https://latex-project.org/},
  note      = {An excellent introduction to LaTeX.}
}
