@Book{Xu1994,
  author    = {徐婉棠 and 喀兴林},
  editor    = {程福平},
  publisher = {高等教育出版社},
  title     = {群论及其在固体物理中的应用},
  year      = {1994},
  address   = {北京},
  edition   = {2nd},
  url       = {https://latex-project.org/},
}

@Comment{jabref-meta: databaseType:bibtex;}
