@book{LinZonghan,
  author    = {Lin Zong-Han},
  title     = {{Thermodynamics and Statistical Physics}},
  publisher = {Peking publisher},
  year      = {2024},
  edition   = {2nd},
}